<?xml version="1.0" encoding="UTF-8"?><collection xmlns="http://www.loc.gov/MARC21/slim"><record><leader>00469nam--2200145-i-4500</leader><controlfield tag="001">000023181</controlfield><controlfield tag="002">20161230</controlfield><controlfield tag="005">20161230201034</controlfield><controlfield tag="008">060222s1000------------r-----000-0-eng-d</controlfield><datafield ind1=" " ind2=" " tag="080"><subfield code="a">621.039.526</subfield></datafield><datafield ind1=" " ind2=" " tag="100"><subfield code="a">Hummel, Harry H.And Okrent, David</subfield></datafield><datafield ind1=" " ind2=" " tag="245"><subfield code="a">Reactivity coefficients in large fast power reactors</subfield></datafield><datafield ind1=" " ind2=" " tag="260"><subfield code="a">Hinsdale, Illinois, The American Nuclear Society, 1970, Ix + 386 P</subfield></datafield><datafield ind1=" " ind2=" " tag="490"><subfield code="a">Monographs Series On Nuclear Science And Technology</subfield></datafield><datafield ind1=" " ind2=" " tag="852"><subfield code="a">36484</subfield></datafield></record></collection>